@misc{Idrees_2024, title={Recommender systems: Personalizing the digital experience}, url={https://medium.com/@hassaanidrees7/recommender-systems-personalizing-the-digital-experience-d2e2ba3d3250}, journal={Medium}, publisher={Medium}, author={Idrees, Hassaan}, year={2024}, month={Jun}} 

@book{Kantor_Ricci_Rokach_Shapira_2011, place={Boston, MA}, title={Recommender Systems Handbook}, publisher={Springer US}, author={Kantor, Paul B. and Ricci, Francesco and Rokach, Lior and Shapira, Bracha}, year={2011}} 

@misc{MacKenzie_Meyer_Noble_2013, title={How retailers can keep up with consumers}, url={https://www.mckinsey.com/industries/retail/our-insights/how-retailers-can-keep-up-with-consumers}, journal={McKinsey & Company}, publisher={McKinsey & Company}, author={MacKenzie, Ian and Meyer, Chris and Noble, Steve}, year={2013}, month={Oct}} 

@inproceedings{sarwar2001item,
  title={Item-based collaborative filtering recommendation algorithms},
  author={Sarwar, Badrul and Karypis, George and Konstan, Joseph and Riedl, John},
  booktitle={Proceedings of the 10th international conference on World Wide Web},
  year={2001}
}

@article{adomavicius2005toward,
  title={Toward the next generation of recommender systems: A survey of the state-of-the-art and possible extensions},
  author={Adomavicius, Gediminas and Tuzhilin, Alexander},
  journal={IEEE transactions on knowledge and data engineering},
  volume={17},
  number={6},
  year={2005},
  publisher={IEEE}
}

@inproceedings{jain2008data,
  title={Data clustering: 50 years beyond k-means},
  author={Jain, Anil K},
  booktitle={Joint European Conference on Machine Learning and Knowledge Discovery in Databases},
  year={2008},
  organization={Springer}
}

@book{falk2019practical,
  title={Practical recommender systems},
  author={Falk, Kim},
  year={2019},
  publisher={Simon and Schuster}
}

@book{Jannach2011,
  author    = {Dietmar Jannach and Markus Zanker and Alexander Felfernig and Gerhard Friedrich},
  title     = {Recommender Systems: An Introduction},
  year      = {2011},
  publisher = {Cambridge University Press},
  address   = {New York, NY, USA}
}

@misc{Person_2025, title={What is kanban methodology: Introduction to kanban framework}, url={https://kissflow.com/project/agile/kanban-methodology/}, journal={Kissflow}, publisher={Kissflow}, author={Person}, year={2025}, month={2}} 
@misc{ProjectManager,title={Project Manager, Information Technology (IT) Salary in Spain in 2025 -- PayScale}, url={https://www.payscale.com/research/ES/Job=Project_Manager,_Information_Technology_(IT)/Salary}, journal={PayScale}} 
@misc{DataAnalyst,title={Data Analyst Salary in Spain in 2025 -- PayScale}, url={https://www.payscale.com/research/ES/Job=Data_Analyst/Salary}, journal={PayScale}} 
@misc{SoftwareDeveloper,title={Software Developer Salary in Spain in 2025 -- PayScale}, url={https://www.payscale.com/research/ES/Job=Software_Developer/Salary}, journal={PayScale}} 
@misc{Research,title={Researcher, Scientific Salary in Spain in 2025 -- PayScale}, url={https://www.payscale.com/research/ES/Job=Research_Scientist/Salary}, journal={PayScale}} 

@misc{GanttPRO, title={Online gantt chart maker for Project Planning}, url={https://app.ganttpro.com/}, journal={GanttPRO}} 